<?xml version="1.0" encoding="UTF-8"?><collection xmlns="http://www.loc.gov/MARC21/slim"><record><leader>00573nam--2200181-i-4500</leader><controlfield tag="001">000023287</controlfield><controlfield tag="002">20161230</controlfield><controlfield tag="005">20161230201035</controlfield><controlfield tag="008">060222s1000------------r-----000-0-eng-d</controlfield><datafield ind1=" " ind2=" " tag="040"><subfield code="a">IFIN-HH</subfield></datafield><datafield ind1=" " ind2=" " tag="080"><subfield code="a">539.12.04(061.3:498):539.2(061.3:498)</subfield></datafield><datafield ind1="1" ind2=" " tag="100"><subfield code="a">Ursu, Ioan</subfield></datafield><datafield ind1="1" ind2="0" tag="245"><subfield code="a">Interaction of radiation with matter</subfield><subfield code="b">Proceedings of the international summer school predeal romania july, 1971</subfield><subfield code="c">Iona ursu, a. corciovei (eds.)</subfield></datafield><datafield ind1=" " ind2=" " tag="260"><subfield code="a">Bucuresti</subfield><subfield code="b">Ifa</subfield><subfield code="c">1971</subfield></datafield><datafield ind1=" " ind2=" " tag="300"><subfield code="a">331P</subfield></datafield><datafield ind1="1" ind2=" " tag="700"><subfield code="a">Corciovei, A</subfield><subfield code="e">Ed</subfield></datafield><datafield ind1=" " ind2=" " tag="852"><subfield code="a">39768</subfield><subfield code="c">539.12</subfield></datafield><datafield ind1=" " ind2=" " tag="CAT"><subfield code="a">Sys</subfield><subfield code="c">20111123</subfield><subfield code="h">124850</subfield></datafield></record></collection>